<?xml version="1.0" encoding="UTF-8"?><collection xmlns="http://www.loc.gov/MARC21/slim"><record><leader>00411nam--2200169-i-4500</leader><controlfield tag="001">000039346</controlfield><controlfield tag="002">20161230</controlfield><controlfield tag="005">20161230201042</controlfield><controlfield tag="008">060222s1000------------r-----000-0-eng-d</controlfield><datafield ind1=" " ind2=" " tag="040"><subfield code="a">IFIN-HH</subfield></datafield><datafield ind1=" " ind2=" " tag="080"><subfield code="a">533.7</subfield></datafield><datafield ind1="1" ind2=" " tag="100"><subfield code="a">Pratt, G.L</subfield></datafield><datafield ind1="1" ind2="0" tag="245"><subfield code="a">Gas kinetics</subfield><subfield code="c">G.l. pratt</subfield></datafield><datafield ind1=" " ind2=" " tag="260"><subfield code="a">London, John Wiley &amp; Sons, Ltd., 1969,</subfield></datafield><datafield ind1=" " ind2=" " tag="300"><subfield code="a">IX + 256P</subfield></datafield><datafield ind1=" " ind2=" " tag="852"><subfield code="a">35950</subfield><subfield code="c">533.7</subfield></datafield><datafield ind1=" " ind2=" " tag="CAT"><subfield code="a">Sys</subfield><subfield code="c">20100915</subfield><subfield code="h">133059</subfield></datafield></record></collection>